@online{BeyerRichtchar,
    title     = "Die Richtcharateristiken von Mikrofonen",
    url       = "https://www.beyerdynamic.de/blog/richtcharakteristiken-bei-mikrofonen-einfach-erklaert/",
    keywords  = "Beyerdynamics,Mikrofone, Richtcharakteristiken",
    note      = "Zugegriffen am: 13.07.2024"
}

@online{NeumannU87:online,
author = {},
title = {Neumann U87 Ai Studio Set - Nickel Mikros},
url = "https://www.stars-musik.de/neumann-u87-ai-studio-set-microphone-studio_56858.html",
month = {},
year = {},
note = {Zugegriffen am: 02.08.2024}
}

@online{ShureSM57:online,
author = {},
title = "Shure SM57 LC Mikrofon – Musikhaus Thomann",
url = "https://www.thomann.de/de/shure_sm57_lc.htm",
month = {},
year = {},
note = {Zugegriffen am: 02.08.2024}
}

@online{SM58:online,
author = {},
title = {SM58 - Gesangsmikrofon - Shure Deutschland},
url = "https://www.thomann.de/de/shure_sm58s.htm",
month = {},
year = {},
note = {Zugegriffen am: 02.08.2024}
}

@book{3DAudio_St:online,
author = {Nuno Fonesca},
title = {Alles Wissenswerte Über 3D Audio},
howpublished = {\url{https://soundparticles.com/download-file/cmVsZWFzZXMuc291bmRwYXJ0aWNsZXMuY29tL2FsbC15b3UtbmVlZC10by1rbm93LWFib3V0LTNkLWF1ZGlvLWRlLnBkZg==?_token=STKmKqZt5bSkOVGPPXBQeKqyWJuNQYxfCBej4sXn}},
page = "1",
month = {},
year = {},
note = {Zugegriffen am:  04.08.2024}, 
publisher = "\href{https://soundparticles.com/resources/ebooks/3daudio?a=4XKQX}{www.soundparticles.com}"
}

@online{AllesXLR:online,
author = {},
title = {Alles, was Sie über XLR-Kabel wissen müssen | RS},
url = {https://de.rs-online.com/web/content/discovery-portal/produktratgeber/xlr-kabel-leitfaden},
month = {},
year = {},
note = {Zugegriffen am: 05.08.2024}
}

@misc{ dewiki:241460075,
   author = "Wikipedia",
   title = "XLR --- Wikipedia{,} die freie Enzyklopädie",
   year = "2024",
   url = "https://de.wikipedia.org/w/index.php?title=XLR&oldid=241460075",
   note = "[Online; Stand 4. August 2024]"
 }

 @misc{ dewiki:245747795,
   author = "Wikipedia",
   title = "Klinkenstecker --- Wikipedia{,} die freie Enzyklopädie",
   year = "2024",
   url = "https://de.wikipedia.org/w/index.php?title=Klinkenstecker&oldid=245747795",
   note = "[Online; Stand 4. August 2024]"
 }

@misc{Xlrconne26:online,
author = {Michael Piotrowski},
title = {Xlr-connectors - XLR – Wikipedia},
url = {https://de.wikipedia.org/wiki/XLR#/media/Datei:Xlr-connectors.jpg},
month = {},
year = {},
note = {Zugegriffen am: 05.08.2024}
}
 @misc{ wiki:Wollschaf,
   author = "Wikimedia Commons",
   title = "File:Cinch-Stecker.jpg --- Wikimedia Commons{,} the free media repository",
   year = "2024",
   url = "https://commons.wikimedia.org/w/index.php?title=File:Cinch-Stecker.jpg&oldid=861075858",
   note = "[Online; accessed 5-August-2024]"
 }

@misc{ dewiki:Chinch,
   author = "Wikipedia",
   title = "Cinch --- Wikipedia{,} die freie Enzyklopädie",
   year = "2023",
   url = "\url{https://de.wikipedia.org/w/index.php?title=Cinch&oldid=239944248}",
   note = "[Online; Stand 5. August 2024]"
 }

 @misc{ wiki:VK1LW,
   author = "VK1LW",
   title = "File:Audio multicore cable with XLR connectors and stage box.JPG --- Wikimedia Commons{,} the free media repository",
   year = "2023",
   url = "\url{https://commons.wikimedia.org/w/index.php?title=File:Audio_multicore_cable_with_XLR_connectors_and_stage_box.JPG&oldid=807171337}",
   note = "[Online; accessed 5-August-2024]"
 }

@misc{ dewiki:Multicore,
   author = "Wikipedia",
   title = "Multicore --- Wikipedia{,} die freie Enzyklopädie",
   year = "2023",
   url = "\url{https://de.wikipedia.org/w/index.php?title=Multicore&oldid=239958214}",
   note = "[Online; Stand 5. August 2024]"
 }

@misc{DA-Wandlung:online,
author = {},
title = {Theoretische Grundlagen},
url = {https://www.medit.hia.rwth-aachen.de/fileadmin/user_upload/05_Publication/Books/MSP430_Buch_html_UTF/msp_html_buchse19.html},
month = {},
year = {},
note = "[Online; Stand 5. August 2024]"
}

 @misc{ dewiki:Mikrofonierung,
   author = "Wikipedia",
   title = "Mikrofonierung --- Wikipedia{,} die freie Enzyklopädie",
   year = "2023",
   url = "\url{https://de.wikipedia.org/w/index.php?title=Mikrofonierung&oldid=237936601}",
   note = "[Online; Stand 6. August 2024]"
 }